@inproceedings{inproceedings,
author = {Amuna, Andrew and Karandeh, Roozbeh and Cecchi, Valentina},
year = {2021},
month = {03},
pages = {1-7},
title = {Voltage Regulation in Distribution Systems using Distributed Energy Resources},
doi = {10.1109/SoutheastCon45413.2021.9401910}
}